<?xml version='1.0' encoding='UTF-8'?>
<record xmlns="http://www.loc.gov/MARC21/slim">
  <leader>01808cam a2200337M  4500</leader>
  <controlfield tag="001">2826340</controlfield>
  <controlfield tag="003">NjP</controlfield>
  <controlfield tag="005">20171018173531.0</controlfield>
  <controlfield tag="008">900312s1931    sy            000 0 ara d</controlfield>
  <datafield tag="024" ind1="7" ind2=" ">
    <subfield code="a">princeton_aco001765</subfield>
    <subfield code="2">local</subfield>
  </datafield>
  <datafield ind1=" " ind2=" " tag="035">
    <subfield code="a">(OCoLC)ocn178014909</subfield>
  </datafield>
  <datafield ind1=" " ind2=" " tag="035">
    <subfield code="a">(OCoLC)ocm22230595</subfield>
  </datafield>
  <datafield ind1=" " ind2=" " tag="040">
    <subfield code="a">NYP</subfield>
    <subfield code="c">PUL</subfield>
    <subfield code="d">PUL</subfield>
  </datafield>
  <datafield ind1=" " ind2=" " tag="035">
    <subfield code="a">(OCoLC)178014909</subfield>
  </datafield>
  <datafield ind1=" " ind2=" " tag="035">
    <subfield code="9">CNQ6743TS</subfield>
  </datafield>
  <datafield ind1=" " ind2=" " tag="035">
    <subfield code="a">(NjP)2826340</subfield>
  </datafield>
  <datafield ind1=" " ind2=" " tag="079">
    <subfield code="a">ocm22230595</subfield>
  </datafield>
  <datafield ind1=" " ind2=" " tag="049">
    <subfield code="a">PULL</subfield>
  </datafield>
  <datafield ind1="1" ind2=" " tag="100">
    <subfield code="6">880-01</subfield>
    <subfield code="a">Shaṭṭī, Ḥasan.</subfield>
  </datafield>
  <datafield ind1="1" ind2="0" tag="245">
    <subfield code="6">880-02</subfield>
    <subfield code="a">Mukhtaṣar Lawāmiʻ al-anwār al-bahīyah, li-sharḥ al-Durrah al-muḍīʼyah fī ʻiqad al-firqah al-marḍīyah /</subfield>
    <subfield code="c">ikhtiṣār Ḥasan al-shaṭṭī al-Ḥanbalī.</subfield>
  </datafield>
  <datafield ind1=" " ind2=" " tag="260">
    <subfield code="6">880-03</subfield>
    <subfield code="a">Dimashq ;</subfield>
    <subfield code="b">Ṭubiʻa fī Maṭbaʻat al-Taraqqī,</subfield>
    <subfield code="c">1931.</subfield>
  </datafield>
  <datafield ind1=" " ind2=" " tag="300">
    <subfield code="a">206 p. ;</subfield>
    <subfield code="c">24 cm.</subfield>
  </datafield>
  <datafield ind1=" " ind2=" " tag="500">
    <subfield code="a">In Arabic.</subfield>
  </datafield>
  <datafield ind1=" " ind2="0" tag="650">
    <subfield code="a">Hanbalites.</subfield>
    <subfield code="0">http://id.loc.gov/authorities/subjects/sh85058613</subfield>
  </datafield>
  <datafield ind1=" " ind2="0" tag="650">
    <subfield code="a">Islam</subfield>
    <subfield code="x">Doctrines</subfield>
    <subfield code="v">Early works to 1800.</subfield>
    <subfield code="0">http://id.loc.gov/authorities/subjects/sh87000152</subfield>
  </datafield>
  <datafield ind1="1" ind2=" " tag="700">
    <subfield code="6">880-04</subfield>
    <subfield code="a">Saffārīnī, Muḥammad ibn Aḥmad,</subfield>
    <subfield code="d">1702 or 1703-1774.</subfield>
    <subfield code="t">Lawāmiʻ al-anwār al-bahīyah, li-sharḥ al-Durrah al-muḍīyah fī ʻaqd ahl al-firqah al-marḍīyah.</subfield>
    <subfield code="0">http://id.loc.gov/authorities/names/n85212066</subfield>
  </datafield>
  <datafield ind1="1" ind2=" " tag="880">
    <subfield code="6">100-01/r</subfield>
    <subfield code="a">شطي، حسن.</subfield>
  </datafield>
  <datafield ind1="1" ind2="0" tag="880">
    <subfield code="6">245-02/r</subfield>
    <subfield code="a">مختصر لوامع الانوار البهية، لشرح الدرة المضيءية في عقد الفرقة المرضية /</subfield>
    <subfield code="c">اختصار حسن الشطي الحنبلي.</subfield>
  </datafield>
  <datafield ind1=" " ind2=" " tag="880">
    <subfield code="6">260-03/r</subfield>
    <subfield code="a">دمشق ؛</subfield>
    <subfield code="b">طبع في مطبعة الترقي،</subfield>
    <subfield code="c">1931.</subfield>
  </datafield>
  <datafield ind1="1" ind2=" " tag="880">
    <subfield code="6">700-04/r</subfield>
    <subfield code="a">سفاريني، محمد بن احمد،</subfield>
    <subfield code="d">1702 or 1703-1774.</subfield>
    <subfield code="t">لوامع الانوار البهية، لشرح الدرة المضية في عقد اهل الفرقة المرضية.</subfield>
  </datafield>
  <datafield ind1=" " ind2=" " tag="911">
    <subfield code="a">20000220</subfield>
  </datafield>
  <datafield ind1=" " ind2=" " tag="994">
    <subfield code="a">C0</subfield>
    <subfield code="b">PUL</subfield>
  </datafield>
  <datafield ind1=" " ind2=" " tag="999">
    <subfield code="a">2826340</subfield>
  </datafield>
  <datafield ind1="0" ind2="0" tag="852">
    <subfield code="0">3138596</subfield>
    <subfield code="b">nec</subfield>
    <subfield code="t">1</subfield>
    <subfield code="h">KBP310.S53</subfield>
    <subfield code="i">A35 1931</subfield>
  </datafield>
  <datafield ind1=" " ind2=" " tag="959">
    <subfield code="a">2009-07-01 15:03:35 -0500</subfield>
  </datafield>
</record>
